@ARTICLE{Wang2021-kb,
  title    = "Demand-side management for off-grid solar-powered microgrids: A
              case study of rural electrification in Tanzania",
  author   = "Wang, Xinlin and Wang, Hao and Ahn, Sung-Hoon",
  journal  = "Energy",
  volume   =  224,
  pages    = "120229",
  month    =  jun,
  year     =  2021,
  keywords = "Sustainable energy development; Solar; Off-grid; Machine
              learning; Demand-side management"
}


@ARTICLE{Rajbhandari2022-oo,
  title     = "Load prioritization technique to guarantee the continuous
               electric supply for essential loads in rural microgrids",
  author    = "Rajbhandari, Yaju and Marahatta, Anup and Shrestha, Ashish and
               Gachhadar, Anand and Thapa, Anup and Gonzalez-Longatt, Francisco
               and Guerrero, Josep M and Korba, Petr",
  journal   = "Int. J. Electr. Power Energy Syst.",
  publisher = "Elsevier",
  volume    =  134,
  pages     = "107398",
  month     =  jan,
  year      =  2022,
  keywords  = "Demand side management; Microgrid; Rural electrification;
               Renewable energy"
}


@ARTICLE{Philipo2022-rx,
  title     = "Neural {Network-Based} {Demand-Side} Management in a
               {Stand-Alone} Solar {PV-Battery} Microgrid Using {Load-Shifting}
               and {Peak-Clipping}",
  author    = "Philipo, Godiana Hagile and Kakande, Josephine Nakato and
               Krauter, Stefan",
  journal   = "Energies",
  publisher = "Multidisciplinary Digital Publishing Institute",
  volume    =  15,
  number    =  14,
  pages     = "5215",
  month     =  jul,
  year      =  2022,
  language  = "en"
}


@ARTICLE{M_Reyasudin2019,
  title    = "Energy management system for {PV-Battery} microgrid based on
              model predictive control",
  author   = "{M. Reyasudin Basir Khan, Jagadeesh Pasupuleti, Jabbar Al-Fattah,
              Mehrdad Tahmasebi}",
  journal  = "Indonesian Journal of Electrical Engineering and Computer Science",
  volume   =  15,
  number   =  1,
  pages    = "20--25",
  month    =  jul,
  year     =  2019,
  language = "en"
}


@ARTICLE{Kanakadhurga2022-op,
  title     = "Demand side management in microgrid: A critical review of key
               issues and recent trends",
  author    = "Kanakadhurga, Dharmaraj and Prabaharan, Natarajan",
  journal   = "Renewable Sustainable Energy Rev.",
  publisher = "Elsevier",
  volume    =  156,
  pages     = "111915",
  month     =  mar,
  year      =  2022,
  keywords  = "Distributed generation; Microgrid; Demand side management;
               Electric vehicles; Power quality; Controllers; Soft computing
               techniques"
}


@INPROCEEDINGS{Gilda2018-nh,
  title     = "Demand Side Management in Microgrids",
  booktitle = "2018 International Conference on Emerging Trends and Innovations
               In Engineering And Technological Research ({ICETIETR})",
  author    = "Gilda, Krishna and Chaphekar, S N and Dharme, A A and Talange, D
               B",
  pages     = "1--6",
  month     =  jul,
  year      =  2018,
  keywords  = "Microgrids;Generators;Fans;Power generation;Market research;Load
               flow analysis;Energy consumption;Demand Side
               Management;Microgrid;Power Flow Analysis;Newton Trust Region
               Method"
}


@ARTICLE{Allwyn2023-pd,
  title    = "A comprehensive review on energy management strategy of
              microgrids",
  author   = "Allwyn, Rona George and Al-Hinai, Amer and Margaret, Vijaya",
  journal  = "Energy Reports",
  volume   =  9,
  pages    = "5565--5591",
  month    =  dec,
  year     =  2023,
  keywords = "Demand response; Distributed energy resources; Energy management;
              Microgrids; Optimization"
}


@ARTICLE{Sadek2020-wl,
  title   = "Sadek, Shady M., Walid A. Omran, M. A. Moustafa Hassan, and Hossam
             E. A. Talaat. n.d. {``Day-Ahead} Energy Management for Isolated
             Microgrids Considering Reactive Power Capabilities of Distributed
             Energy Resources and Reactive Power Costs.''",
  author  = "Sadek, Shady M and Omran, Walid A and Moustafa Hassan, M A and
             Talaat, Hossam E A",
  journal = "International Journal of Renewable Energy Research",
  volume  =  10,
  number  =  4,
  pages   = "1857--1868",
  month   =  dec,
  year    =  2020
}

@ARTICLE{Mehra2018-xs,
  title    = "Estimating the value of demand-side management in low-cost, solar
              micro-grids",
  author   = "Mehra, Varun and Amatya, Reja and Ram, Rajeev J",  
  journal  = "Energy",
  volume   =  163,
  pages    = "74--87",
  month    =  nov,
  year     =  2018,
  keywords = "Micro-grids; Electricity access; Demand-side management;
              Reliability; Asset selection; Off-grid; Techno-economic model;
              Cost"
}


@ARTICLE{Salazar2020-al,
  title   = "Energy Management of Islanded Nanogrids Through Nonlinear
             Optimization Using Stochastic Dynamic Programming",
  author  = "Salazar, Andres and Berzoy, Alberto and Song, Wenzhan and Velni,
             Javad Mohammadpour",
  journal = "IEEE Transactions on Industry Applications",
  volume  =  56,
  number  =  3,
  month   =  may,
  year    =  2020
}

@INPROCEEDINGS{Neal2020-no,
  title           = "Demand Side Energy Management and Customer Behavioral
                     Response in a Rural Islanded Microgrid",
  author          = "{Derek Neal, Yifu Ding, Ibrahim Bello, Renke Han, Maximus
                     Byamukama, Nisrine Kebir, Malcolm McCulloch, Dan Rogers,
                     Isaac Nyamongo, Kennedy Waweru}",
  publisher       = "IEEE",
  pages           = "1--5",
  month           =  oct,
  year            =  2020,
  conference      = "2020 IEEE PES/IAS PowerAfrica",
  location        = "Nairobi, Kenya"
}


@INPROCEEDINGS{Zuleta-Elles2021-qh,
  title           = "Load Forecasting for Different Prediction Horizons using
                     {ANN} and {ARIMA} models",
  booktitle       = "2021 {IEEE} {CHILEAN} Conference on Electrical,
                     Electronics Engineering, Information and Communication
                     Technologies ({CHILECON})",
  author          = "Zuleta-Elles, Isabella and Bautista-Lopez, Aiskel and
                     Cata{\~n}o-Valderrama, Milton J and Mar{\'\i}n, Luis G and
                     Jim{\'e}nez-Est{\'e}vez, Guillermo and Mendoza-Araya,
                     Patricio",
  publisher       = "IEEE",
  month           =  dec,
  year            =  2021,
  conference      = "2021 IEEE CHILEAN Conference on Electrical, Electronics
                     Engineering, Information and Communication Technologies
                     (CHILECON)",
  location        = "Valpara{\'\i}so, Chile"
}


@ARTICLE{Dutta2017-oi,
  title    = "Load and Renewable Energy Forecasting for a Microgrid using
              Persistence Technique",
  author   = "Dutta, Shreya and Li, Yanling and Venkataraman, Aditya and Costa,
              Luis M and Jiang, Tianxiang and Plana, Robert and Tordjman,
              Philippe and Choo, Fook Hoong and Foo, Chek Fok and Puttgen, Hans
              B",
  journal  = "Energy Procedia",
  volume   =  143,
  pages    = "617--622",
  month    =  dec,
  year     =  2017,
  keywords = "load forecasting; renewable energy forecasting; microgrids;
              persistence"
}


@TECHREPORT{Desa2023-mr,
  title       = "The Sustainable Development Goals Report 2023: Special Edition
                 - July 2023",
  author      = "DESA, U N",
  institution = "UN DESA",
  year        =  2023
}


@INPROCEEDINGS{Huang2010-lv,
  title     = "Comparative study of power forecasting methods for {PV} stations",
  booktitle = "2010 International Conference on Power System Technology",
  author    = "Huang, Yuehui and Lu, Jing and Liu, Chun and Xu, Xiaoyan and
               Wang, Weisheng and Zhou, Xiaoxin",
  publisher = "IEEE",
  pages     = "1--6",
  month     =  oct,
  year      =  2010
}


@ARTICLE{Abhishek2020-ox,
  title     = "Review of hierarchical control strategies for {DC} microgrid",
  author    = "Abhishek, Anand and Ranjan, Aashish and Devassy, Sachin and
               Kumar Verma, Brijendra and Ram, Subhash Kumar and Dhakar, Ajeet
               Kr",
  journal   = "IET Renew. Power Gener.",
  publisher = "Institution of Engineering and Technology (IET)",
  volume    =  14,
  number    =  10,
  pages     = "1631--1640",
  month     =  jul,
  year      =  2020,
  copyright = "http://onlinelibrary.wiley.com/termsAndConditions\#vor",
  language  = "en"
}

@article{NAUMANN2018153,
title = {Analysis and modeling of calendar aging of a commercial LiFePO4/graphite cell},
journal = {Journal of Energy Storage},
volume = {17},
pages = {153-169},
year = {2018},
issn = {2352-152X},
doi = {https://doi.org/10.1016/j.est.2018.01.019},
url = {https://www.sciencedirect.com/science/article/pii/S2352152X18300665},
author = {Maik Naumann and Michael Schimpe and Peter Keil and Holger C. Hesse and Andreas Jossen},
keywords = {Lithium-ion battery, LiFePO (LFP)/graphite, Calendar aging, Lifetime model, Dynamic storage conditions}
}

@article{SARASKETAZABALA2015573,
title = {Cycle ageing analysis of a LiFePO4/graphite cell with dynamic model validations: Towards realistic lifetime predictions},
journal = {Journal of Power Sources},
volume = {275},
pages = {573-587},
year = {2015},
issn = {0378-7753},
doi = {https://doi.org/10.1016/j.jpowsour.2014.10.153},
url = {https://www.sciencedirect.com/science/article/pii/S0378775314017728},
author = {E. Sarasketa-Zabala and I. Gandiaga and E. Martinez-Laserna and L.M. Rodriguez-Martinez and I. Villarreal},
keywords = {Li-ion battery ageing, LiFePO (LFP)/graphite, Cycle-life performance model, Dynamic cycling profiles, Lithium inventory loss (LLI), Loss of active material (LAM)}
}

@article{NAUMANN2020227666,
title = {Analysis and modeling of cycle aging of a commercial LiFePO4/graphite cell},
journal = {Journal of Power Sources},
volume = {451},
pages = {227666},
year = {2020},
issn = {0378-7753},
doi = {https://doi.org/10.1016/j.jpowsour.2019.227666},
url = {https://www.sciencedirect.com/science/article/pii/S0378775319316593},
author = {Maik Naumann and Franz B. Spingler and Andreas Jossen},
keywords = {Lithium-ion battery, LiFePO4, (LFP)/Graphite, Cycle aging, Lifetime model, Dynamic cycle conditions}
}

@article{SARASKETAZABALA201445,
title = {Calendar ageing analysis of a LiFePO4/graphite cell with dynamic model validations: Towards realistic lifetime predictions},
journal = {Journal of Power Sources},
volume = {272},
pages = {45-57},
year = {2014},
issn = {0378-7753},
doi = {https://doi.org/10.1016/j.jpowsour.2014.08.051},
url = {https://www.sciencedirect.com/science/article/pii/S0378775314013068}
}

@incollection{Asdrubali2019441,
title = {Chapter 7 - High Efficiency Plants and Building Integrated Renewable Energy Systems},
editor = {Francesco Asdrubali and Umberto Desideri},
booktitle = {Handbook of Energy Efficiency in Buildings},
publisher = {Butterworth-Heinemann},
pages = {441-595},
year = {2019},
isbn = {978-0-12-812817-6},
doi = {https://doi.org/10.1016/B978-0-12-812817-6.00040-1},
url = {https://www.sciencedirect.com/science/article/pii/B9780128128176000401}
}

@article {Frederick1995,
      author = "John E.  Frederick and H. Donnan  Steele",
      title = "The Transmission of Sunlight through Cloudy Skies: An Analysis Based on Standard Meteorological Information",
      journal = "Journal of Applied Meteorology and Climatology",
      year = "1995",
      publisher = "American Meteorological Society",
      address = "Boston MA, USA",
      volume = "34",
      number = "12",
      doi = "https://doi.org/10.1175/1520-0450(1995)034<2755:TTOSTC>2.0.CO;2",
      pages=      "2755 - 2761",
      url = "https://journals.ametsoc.org/view/journals/apme/34/12/1520-0450_1995_034_2755_ttostc_2_0_co_2.xml"
}

@article{MAKRIDAKIS1993527,
title = {Accuracy measures: theoretical and practical concerns},
journal = {International Journal of Forecasting},
volume = {9},
number = {4},
pages = {527-529},
year = {1993},
issn = {0169-2070},
doi = {https://doi.org/10.1016/0169-2070(93)90079-3},
url = {https://www.sciencedirect.com/science/article/pii/0169207093900793},
author = {Spyros Makridakis}
}


@ARTICLE{Willmott2005-go,
  title     = "Advantages of the mean absolute error ({MAE}) over the root mean
               square error ({RMSE}) in assessing average model performance",
  author    = "Willmott, C J and Matsuura, K",
  journal   = "Clim. Res.",
  publisher = "Inter-Research Science Center",
  volume    =  30,
  pages     = "79--82",
  year      =  2005
}


@MISC{Svarc2022-oh,
  title        = "{MPPT} Solar Charge Controllers Explained ---",
  booktitle    = "Clean Energy Reviews",
  author       = "Svarc, Jason",
  month        =  oct,
  year         =  2022,
  howpublished = "\url{https://www.cleanenergyreviews.info/blog/mppt-solar-charge-controllers}",
  note         = "Accessed: 2024-1-11",
  language     = "en"
}


@MISC{wp_documentation,
  title        = "{SQF} 5-70",
  abstract     = "Renewable energy submersible pumps with build in inverter for
                  solar, wind and AC powersource. Runs on both AC and DC
                  voltage",
  howpublished = "\url{https://product-selection.grundfos.com/products/sqflex/sqf-5-70-99465250?pumpsystemid=2251938759&tab=variant-curves}",
  note         = "Accessed: 2024-1-16",
  language     = "en"
}



@ARTICLE{Maghami2016-pq,
  title    = "Power loss due to soiling on solar panel: A review",
  author   = "Maghami, Mohammad Reza and Hizam, Hashim and Gomes, Chandima and
              Radzi, Mohd Amran and Rezadad, Mohammad Ismael and Hajighorbani,
              Shahrooz",
  journal  = "Renewable Sustainable Energy Rev.",
  volume   =  59,
  pages    = "1307--1316",
  month    =  jun,
  year     =  2016,
  keywords = "Photovoltaic; Losses; Environment; Power output; Performance
              loss; Shadow"
}


@ARTICLE{Chimtavee2012-gg,
  title    = "{PV} Generator Performance Evaluation and Load Analysis of the
              {PV} Microgrid System in Thailand",
  author   = "Chimtavee, A and Ketjoy, N",
  journal  = "Procedia Engineering",
  volume   =  32,
  pages    = "384--391",
  month    =  jan,
  year     =  2012,
  keywords = "Performance evaluation; PV; generator; Photovoltaic; Microgrid;
              Inverter; Load analysis"
}


@MISC{maize_mill,
  title        = "Products",
  booktitle    = "Agsol",
  howpublished = "\url{https://agsol.com/products-original/}",
  note         = "Accessed: 2024-1-23",
  language     = "en"
}


@MISC{water_heater,
  title        = "Nuos Evo A+ - Heat Pumps",
  booktitle    = "Ariston",
  abstract     = "Nuos Evo A+ - An energy-efficient alternative to traditional
                  electric storage water heaters.",
  howpublished = "\url{https://www.ariston.com/en-sa/products/heat-pump-water-heaters/heat-pumps/nuos-evo-a-plus}",
  note         = "Accessed: 2024-1-23",
  language     = "en"
}


@MISC{pvgis,
  title        = "Photovoltaic Geographical Information System ({PVGIS})",
  booktitle    = "{EU} Science Hub",
  abstract     = "PVGIS is a free web application that allows the user to get
                  data on solar radiation and photovoltaic system energy
                  production, in most parts of the world.",
  howpublished = "\url{https://joint-research-centre.ec.europa.eu/photovoltaic-geographical-information-system-pvgis_en}",
  note         = "Accessed: 2024-1-24",
  language     = "en"
}

@software{MATLAB,
year = {2023},
author = {The MathWorks Inc.},
title = {MATLAB version: 23.2.0.2409890 (R2023b)},
publisher = {The MathWorks Inc.},
address = {Natick, Massachusetts, United States},
url = {https://www.mathworks.com}
}



@MISC{un_sdg_7,
  title        = "{UN} {SDG} 7",
  booktitle    = "{SDGS}",
  author       = "{United Nations Department of Economic and Social Affairs}",
  abstract     = "Ensure access to affordable, reliable, sustainable and modern
                  energy for all",
  howpublished = "\url{https://sdgs.un.org/goals/goal7}",
  note         = "Accessed: 2024-1-24",
  language     = "en"
}


@INCOLLECTION{Casini2022-bs,
  title     = "Chapter 10 - Building automation systems",
  booktitle = "Construction 4.0",
  author    = "Casini, Marco",
  editor    = "Casini, Marco",
  publisher = "Woodhead Publishing",
  pages     = "525--581",
  month     =  jan,
  year      =  2022,
  keywords  = "Building automation system; building management system; BAS
               topology; controllers; sensors; actuators; wireless sensor
               network; Internet of Things; energy management system; HVAC
               automation; smart lighting; adaptive facades; water management;
               control strategies; model predictive control; white-box methods;
               black-box methods; gray-box methods; reinforced learning;
               advanced human interfaces; smart home; smart home services;
               connected home"
}


@PHDTHESIS{Berrett2020-wi,
  title  = "Burying the Overhead Myth and Breaking the Nonprofit Starvation
            Cycle: Identifying More Valid Measures and Determinants of
            Nonprofit Efficiency",
  author = "Berrett, Jessica Lauren",
  editor = "Coupet, Richard Clerkin And Dr",
  year   =  2020,
  school = "North Carolina State University"
}


@MISC{Ritvikmath2019-np,
  title     = "Time Series Talk : Moving Average and {ACF}",
  author    = "{ritvikmath}",
  abstract  = "How to find the order of your Moving Average Model",
  publisher = "Youtube",
  month     =  apr,
  year      =  2019,
  keywords  = "time series; machine learning; data science"
}

@Article{kolassa2011,
  author={Stephan Kolassa and Roland Martin},
  title={{Percentage Errors Can Ruin Your Day (and Rolling the Dice Shows How)}},
  journal={Foresight: The International Journal of Applied Forecasting},
  year=2011,
  volume={},
  number={23},
  pages={21-27},
  month={Fall},
  keywords={},
  doi={},
  abstract={Foresight has printed many articles about the calculation, interpretation, and especially the dangers of percentage error metrics, such as the MAPE. Stephan and Roland now add to the list of dangers, showing how you can be led astray if you use the MAPE to select a best forecasting method or to reward forecast accuracy. Minimizing the MAPE is often not a good idea. Copyright International Institute of Forecasters, 2011},
  url={https://ideas.repec.org/a/for/ijafaa/y2011i23p21-27.html}
}


@MISC{2030agenda,
  title        = "Transforming our world: the 2030 Agenda for Sustainable
                  Development",
  howpublished = "\url{https://sdgs.un.org/2030agenda}",
  note         = "Accessed: 2024-2-1",
  language     = "en"
}


@MISC{met.no,
  title        = "Welcome to the {MET} Weather {API}",
  howpublished = "\url{https://api.met.no/}",
  note         = "Accessed: 2024-2-1",
  language     = "en"
}


@MISC{MIT_Electric_Vehicle_Team2008-vm,
  title  = "summary\_battery\_specifications.pdf",
  url    = "https://web.mit.edu/evt/summary_battery_specifications.pdf",
  author = "{MIT Electric Vehicle Team}",
  month  =  dec,
  year   =  2008
}
